@article{almekinders2002a,
  author = {Almekinders, Conny J.M. and Louwaars, Niels P.},
  date = {2002},
  title = {The Importance ofthe Farmers' Seed Systems in a Functional National Seed Sector},
  volume = {4},
  pages = {1–2},
  language = {en},
  journal = {SeedPolicy}
}
@article{alphen2010a,
  author = {Alphen and Klaas, Paul M.Noothout and Hekkert, Marko P. and C.Turkenburg, Wim},
  date = {2010},
  title = {Evaluating the Development of Carbon Capture andStorage Technologies in the United States},
  volume = {14},
  language = {en},
  journal = {Renewable and SustainableEnergy Reviews},
  number = {3}
}
@misc{bayer2021a,
  author = {Bayer},
  date = {2021},
  title = {Bayer to Launch Organic Vegetable Seeds PortfolioEnabling Greater Access to Certified Organic Market."https://www.vegetables.bayer.com/us/en-us/resources/news/bayer-to-launch-organic-vegetable-seeds-portfolio.html},
  language = {en}
}
@article{belderbos2014a,
  author = {Belderbos, René},
  date = {2014},
  title = {Co-Ownership of Intellectual Property:Exploring the Value-Appropriation and Value-Creation Implications ofCo-Patenting with Different Partners},
  volume = {43},
  language = {en},
  journal = {Research Policy},
  number = {5}
}
@article{berardo2010a,
  author = {Berardo, Ramiro and Scholz, John T.},
  date = {2010},
  title = {Self-Organizing PolicyNetworks : Risk , Partner Selection , and Cooperation in EstuariesRamiro Berardo University of Arizona},
  volume = {54},
  pages = {632–49},
  language = {en},
  journal = {American Journal of PoliticalScience},
  number = {3}
}
@article{bergek2008a,
  author = {Bergek, Anna},
  date = {2008},
  title = {Analyzing the Functional Dynamics ofTechnological Innovation Systems: A Scheme of Analysis},
  volume = {37},
  pages = {407–29},
  language = {en},
  journal = {ResearchPolicy},
  number = {3}
}
@misc{bergek2015a,
  author = {Bergek, Anna},
  date = {2015},
  title = {Technological Innovation Systems in Contexts:Conceptualizing Contextual Structures and Interaction Dynamics."Environmental Innovation and Societal Transitions 16:51--64},
  language = {en}
}
@misc{bialik2019a,
  author = {Bialik, Kristen and Walker, Kristi},
  date = {2019},
  title = {Organic Farming Is on theRise in the U.S},
  note = {Pew Research Center.https://www.pewresearch.org/short-reads/2019/01/10/organic-farming-is-on-the-rise-in-the-u-s/.},
  language = {en}
}
@article{binz-a,
  author = {Binz, Christian and Coenen, Lars and Murphy, James T. and Truffer.2020, Bernhard},
  title = {Geographies of Transition---From Topical Concerns to TheoreticalEngagement: A Comment on the},
  volume = {34},
  language = {en},
  journal = {Transitions Research Agenda."Environmental Innovation and Societal Transitions},
  number = {1}
}
@article{binz2017a,
  author = {Binz, Christian and Truffer, Bernhard},
  date = {2017},
  title = {Global InnovationSystems---A Conceptual Framework for Innovation Dynamics inTransnational Contexts},
  volume = {46},
  language = {en},
  journal = {Research Policy},
  number = {7}
}
@incollection{binz2020a,
  author = {Binz, Christian},
  date = {2020},
  title = {The Governance of Global Innovation Systems: PuttingKnowledge in Context},
  language = {en},
  booktitle = {Knowledge for Governance, Knowledge andSpace}
}
@article{binz2014a,
  author = {Binz, Christian and Truffer, Bernhard and Coenen, Lars},
  date = {2014},
  title = {Why SpaceMatters in Technological Innovation Systems---Mapping Global KnowledgeDynamics of Membrane Bioreactor Technology},
  volume = {43},
  language = {en},
  journal = {Research Policy},
  number = {1}
}
@misc{binz2016a,
  author = {Binz, Christian},
  date = {2016},
  title = {Path Creation as a Process of Resource Alignment andAnchoring: Industry Formation for On-Site Water Recycling in Beijing."Economic Geography 92(2):172--200},
  language = {en}
}
@article{carlsson-a,
  author = {Carlsson, Bo and Jacobsson, Staffan and Holmén, Magnus and Rickne.2002, Annika},
  title = {Innovation Systems},
  volume = {31},
  language = {en},
  journal = {Analytical and Methodological Issues."Research Policy},
  number = {2}
}
@article{coenen2012a,
  author = {Coenen, Lars and Benneworth, Paul and Truffer, Bernhard},
  date = {2012},
  title = {Toward aSpatial Perspective on Sustainability Transitions},
  language = {en},
  journal = {Research Policy41}
}
@book{dillman2014a,
  author = {Dillman, Don A. and Smyth, Jolene D. and Christian, Leah Melani},
  date = {2014},
  title = {Phone, Mail, and Mixed-Mode Surveys: The Tailored DesignMethod},
  publisher = {John Wiley & Sons},
  language = {en}
}
@article{duncan2017a,
  author = {Duncan, Jessica and Pascucci, Stefano},
  date = {2017},
  title = {Mapping theOrganisational Forms of Networks of Alternative Food Networks:Implications for Transition},
  volume = {57},
  language = {en},
  journal = {Sociologia Ruralis},
  number = {3}
}
@article{freeman1995a,
  author = {Freeman, Chris},
  date = {1995},
  title = {The 'National System of Innovation' inHistorical Perspective},
  volume = {19},
  language = {en},
  journal = {Cambridge Journal of Economics},
  number = {1}
}
@article{gait2018a,
  author = {Gaitán-Cremaschi, Daniel},
  date = {2018},
  title = {Characterizing Diversity of FoodSystems in View of Sustainability Transitions},
  volume = {39},
  language = {en},
  journal = {A Review." Agronomy forSustainable Development},
  number = {1}
}
@article{gertler2003a,
  author = {Gertler, Meric S.},
  date = {2003},
  title = {Tacit Knowledge and the Economic Geography ofContext, or The Undefinable Tacitness of Being (There},
  volume = {3},
  language = {en},
  journal = {Journal ofEconomic Geography},
  number = {1}
}
@misc{giurca2018a,
  author = {Giurca, Alexandru and Metz, Thomas},
  date = {2018},
  title = {A Social Network Analysis ofGermany's Wood-Based Bioeconomy: Social Capital and Shared Beliefs."Environmental Innovation and Societal Transitions 26:1--14},
  language = {en}
}
@misc{handcock2019a,
  author = {Handcock, Mark S.},
  date = {2019}
}
@article{heiberg2020a,
  author = {Heiberg, Jonas and Binz, Christian and Truffer, Bernhard},
  date = {2020},
  title = {TheGeography of Technology Legitimation: How Multiscalar InstitutionalDynamics Matter for Path Creation in Emerging Industries},
  volume = {96},
  pages = {470–98},
  language = {en},
  journal = {EconomicGeography},
  number = {5}
}
@misc{heiberg2022a,
  author = {Heiberg, Jonas and Truffer, Bernhard and Binz, Christian},
  date = {2022},
  title = {AssessingTransitions through Socio-Technical Configuration Analysis -- aMethodological Framework and a Case Study in the Water Sector."Research Policy 51(1):104363},
  language = {en}
}
@article{hekkert2007a,
  author = {Hekkert, M.P.},
  date = {2007},
  title = {Functions of Innovation Systems: A NewApproach for Analysing Technological Change},
  volume = {74},
  language = {en},
  journal = {Technological Forecastingand Social Change},
  number = {4}
}
@article{henry2012a,
  author = {Henry, Adam Douglas and Lubell, Mark and McCoy, Michael},
  date = {2012},
  volume = {31},
  language = {fr},
  journal = {Measurement of Public Management and Policy Networks."Journal of Policy Analysis and Management},
  number = {2}
}
@article{hermans2017a,
  author = {Hermans, Frans},
  date = {2017},
  title = {Social Network Analysis ofMulti-Stakeholder Platforms in Agricultural Research for Development:Opportunities and Constraints for Innovation and Scaling},
  volume = {One12(2},
  url = {http://www.cgiar.org/about-us/governing-2010-},
  language = {en},
  journal = {PLoS}
}
@article{hermans2013a,
  author = {Hermans, Frans and Marian Stuiver, P.J.Beers and Kok, Kasper},
  date = {2013},
  title = {TheDistribution of Roles and Functions for Upscaling and OutscalingInnovations in Agricultural Innovation Systems},
  volume = {Systems115},
  pages = {117–28},
  language = {en},
  journal = {Agricultural}
}
@book{hubbard2022a,
  author = {Hubbard, Kiki and Zystro, Jared and Wood, Liza},
  date = {2022},
  title = {State of OrganicSeed},
  publisher = {Organic SeedAlliance},
  language = {en},
  address = {Port Townsend, WA}
}
@misc{jacobsson2000a,
  author = {Jacobsson, Staffan and Johnson, Anna},
  date = {2000},
  title = {The Diffusion of RenewableEnergy Technology: An Analytical Framework and Key Issues for Research."Energy Policy 28(9):625--40},
  language = {en}
}
@article{jeannerat2016a,
  author = {Jeannerat, Hugues and Kebir, Leïla},
  date = {2016},
  title = {Knowledge, Resources andMarkets: What Economic System of Valuation?},
  volume = {50},
  language = {en},
  journal = {Regional Studies},
  number = {2}
}
@article{jensen2007a,
  author = {Jensen, Morten Berg and Johnson, Björn and Lorenz, Edward and ÅkeLundvall, Bengt},
  date = {2007},
  title = {Forms of Knowledge and Modes of Innovation},
  volume = {36},
  pages = {680–93},
  language = {en},
  journal = {ResearchPolicy},
  number = {5}
}
@article{kern2015a,
  author = {Kern, Florian},
  date = {2015},
  title = {Engaging with the Politics, Agency and Structuresin the Technological Innovation Systems Approach},
  volume = {16},
  language = {en},
  journal = {EnvironmentalInnovation and Societal Transitions},
  number = {67}
}
@article{koehler2019a,
  author = {Köhler, Jonathan},
  date = {2019},
  title = {An Agenda for Sustainability TransitionsResearch: State of the Art and Future Directions},
  volume = {31},
  language = {en},
  journal = {EnvironmentalInnovation and Societal Transitions},
  number = {1}
}
@article{kreft2023a,
  author = {Kreft, Cordelia and Angst, Mario and Huber, Robert and Finger, Robert},
  date = {2023},
  title = {Social Networks and Regional Spillover Effects in AgriculturalClimate Change Mitigation},
  volume = {176},
  language = {en},
  journal = {Climatic Change},
  number = {2}
}
@article{lamers2017a,
  author = {Lamers, Dieuwke and Schut, Marc and Klerkx, Laurens and Asten, Piet},
  date = {2017},
  title = {Dynamics of Multilevel Innovation Platforms inAgricultural Research for Development},
  volume = {6},
  language = {en},
  journal = {Science and Public},
  number = {ttps://academic.oup.com/spp/article/44/6/739/3103023}
}
@article{bueren2018a,
  author = {Bueren, Lammerts and T., Edith and Struik, Paul C. and Eekeren, Nick and Nuijten},
  date = {2018},
  title = {Towards Resilience through Systems-Based PlantBreeding},
  volume = {Development38(5},
  language = {en},
  journal = {A Review." Agronomy for Sustainable}
}
@misc{lubell2014a,
  author = {Lubell, Mark and Niles, Meredith and Hoffman, Matthew},
  date = {2014},
  title = {Extension3.0: Managing Agricultural Knowledge Systems in the Network Age."Society and Natural Resources 27:1089--1103},
  language = {en}
}
@article{lubell2012a,
  author = {Lubell, Mark and Scholz, John and Berardo, Ramiro and Robins, Garry},
  date = {2012},
  title = {Policy Theory with Statistical Models of Networks},
  volume = {40},
  language = {en},
  journal = {PolicyStudies Journal},
  number = {3}
}
@book{lusher2012a,
  author = {Lusher, Dean and Koskinen, Johan and Robins, Garry},
  date = {2012},
  title = {ExponentialRandom Graph Models for Social Networks},
  publisher = {Cambridge UniversityPress},
  language = {en}
}
@article{mackinnon2022a,
  author = {MacKinnon, Danny and Afewerki, Samson and Karlsen, Asbjørn},
  date = {2022},
  title = {Legitimation and Strategic Coupling: A Cross-National Studyof Floating Wind Power in Norway and Scotland},
  volume = {135},
  language = {en},
  journal = {Geoforum},
  number = {1}
}
@article{markard2015a,
  author = {Markard, Jochen and Hekkert, Marko and Jacobsson, Staffan},
  date = {2015},
  title = {TheTechnological Innovation Systems Framework},
  volume = {16},
  language = {en},
  journal = {Response to Six Criticisms."Environmental Innovation and Societal Transitions},
  number = {76}
}
@article{musiolik2011a,
  author = {Musiolik, Jörg and Markard, Jochen},
  date = {2011},
  title = {Creating and ShapingInnovation Systems: Formal Networks in the Innovation System forStationary Fuel Cells in Germany},
  volume = {39},
  language = {en},
  journal = {Energy Policy},
  number = {4}
}
@article{musiolik2012a,
  author = {Musiolik, Jörg and Markard, Jochen and Hekkert, Marko},
  date = {2012},
  title = {Networks andNetwork Resources in Technological Innovation Systems: Towards aConceptual Framework for System Building},
  volume = {79},
  language = {en},
  journal = {Technological Forecastingand Social Change},
  number = {6}
}
@book{alliance2022a,
  author = {Alliance, Organic Seed},
  date = {2022},
  title = {Policy Platform for Seed},
  publisher = {OrganicSeed Alliance},
  language = {en}
}
@article{robins2012a,
  author = {Robins, Garry and Lewis, Jenny M. and Wang, Peng},
  date = {2012},
  title = {StatisticalNetwork Analysis for Analyzing Policy Networks},
  volume = {40},
  pages = {375–401},
  language = {en},
  journal = {Policy StudiesJournal},
  number = {3}
}
@article{rohe2020a,
  author = {Rohe, Sebastian},
  date = {2020},
  title = {The Regional Facet of a Global InnovationSystem: Exploring the Spatiality of Resource Formation in the ValueChain for Onshore Wind Energy},
  volume = {36},
  pages = {331–44},
  language = {en},
  journal = {Environmental Innovation and SocietalTransitions}
}
@article{rohe2022a,
  author = {Rohe, Sebastian},
  date = {2022},
  title = {Forever Niche: Why Do Organically Bred VegetableVarieties Not Diffuse?},
  volume = {45},
  pages = {83–100},
  language = {en},
  journal = {Environmental Innovation and SocietalTransitions}
}
@article{rohe2021a,
  author = {Rohe, Sebastian and Chlebna, Camilla},
  date = {2021},
  title = {A Spatial Perspective onthe Legitimacy of a Technological Innovation System: RegionalDifferences in Onshore Wind Energy},
  volume = {151},
  language = {en},
  journal = {Energy Policy},
  number = {112193}
}
@article{rohe2022b,
  author = {Rohe, Sebastian},
  date = {2022},
  title = {The Evolving Role of Networking Organizations inAdvanced Sustainability Transitions},
  volume = {183},
  pages = {121916},
  language = {en},
  journal = {Technological Forecasting andSocial Change}
}
@article{rohe2022c,
  author = {Rohe, Sebastian and Mattes, Jannika},
  date = {2022},
  title = {What about the RegionalLevel?},
  volume = {129},
  pages = {60–73},
  language = {en},
  journal = {Regional Configurations of Technological Innovation Systems."Geoforum}
}
@article{scott2015a,
  author = {Scott, Tyler A. and Thomas, Craig},
  date = {2015},
  title = {Do Collaborative GroupsEnhance Interorganizational Networks?},
  volume = {38},
  pages = {654–83},
  language = {en},
  journal = {Public Performance & ManagementReview},
  number = {4}
}
@article{scott2019a,
  author = {Scott, Tyler A. and Ulibarri, Nicola},
  date = {2019},
  title = {Taking Network AnalysisSeriously: Methodological Improvements for Governance NetworkScholarship},
  volume = {Governance:89--101},
  language = {en},
  journal = {Perspectives on Public Management and}
}
@article{sievers-glotzbach2020a,
  author = {Sievers-Glotzbach, Stefanie},
  date = {2020},
  title = {Diverse Seeds -- SharedPractices: Conceptualizing Seed Commons},
  volume = {14},
  pages = {418–38},
  language = {en},
  journal = {International Journal of theCommons},
  number = {1}
}
@article{tsouri2021a,
  author = {Tsouri, Maria and Hanson, Jens and Normann, Håkon Endresen},
  date = {2021},
  title = {DoesParticipation in Knowledge Networks Facilitate Market Access in GlobalInnovation Systems? The Case of Offshore Wind},
  volume = {50},
  language = {en},
  journal = {Research Policy},
  number = {5}
}
@article{vantaggiato2023a,
  author = {Vantaggiato, Francesca},
  date = {2023},
  title = {Creating AdaptiveSocial-Ecological Fit: The Role of Regional Actors in the Governance ofSea-Level Rise Adaptation in San Francisco Bay},
  volume = {80},
  pages = {102654},
  language = {en},
  journal = {Global EnvironmentalChange}
}
@article{vantaggiato2022a,
  author = {Vantaggiato, Francesca Pia and Lubell, Mark},
  date = {2022},
  title = {FunctionalDifferentiation in Governance Networks for Sea Level Rise Adaptation inthe San Francisco Bay Area},
  volume = {},
  language = {en},
  journal = {Social},
  number = {ttps://www.sciencedirect.com/science/article/pii/S0378873322000326(March 19}
}
@book{wasserman1994a,
  author = {Wasserman, Stanley and Faust, Katherine},
  date = {1994},
  title = {Social NetworkAnalysis: Methods and Applications (Structural Analysis in the SocialSciences},
  publisher = {Cambridge UniversityPress},
  language = {en}
}
@article{wieczorek2012a,
  author = {Wieczorek, Anna J. and Hekkert, Marko P.},
  date = {2012},
  title = {Systemic Instruments forSystemic Innovation Problems: A Framework for Policy Makers andInnovation Scholars},
  volume = {39},
  language = {en},
  journal = {Science and Public Policy},
  number = {74}
}
@article{wieczorek-a,
  author = {Wieczorek, Anna J. and Hekkert, Marko P. and Coenen, Lars and Harmsen.2015, Robert},
  title = {Broadening the National Focus in Technological Innovation SystemAnalysis: The Case of Offshore Wind},
  volume = {14},
  language = {en},
  journal = {Environmental Innovation andSocietal Transitions},
  number = {128}
}
@inproceedings{wood2022a,
  author = {Wood, Liza},
  date = {2022},
  title = {Assessing the Resilience of the Organic Seed System:A Network Perspective},
  publisher = {Organic Seed Alliance,164},
  language = {en},
  booktitle = {Proceedings of the 11th Organic Seed GrowersConference},
  address = {Port Townsend, WA}
}
@article{youngberg2013a,
  author = {Youngberg, Garth and DeMuth, Suzanne P.},
  date = {2013},
  title = {Organic Agriculture inthe United States: A 30-Year Retrospective},
  volume = {28},
  language = {en},
  journal = {Renewable Agriculture andFood Systems},
  number = {4}
}
